<record><leader>00000cas a22000007a 4500</leader><controlfield tag="001">10129677</controlfield><controlfield tag="008">831115d18481860pauwr ne      0    0eng d</controlfield><controlfield tag="009">3781</controlfield><datafield ind1=" " ind2=" " tag="010"><subfield code="a">sn 83032019 </subfield></datafield><datafield ind1=" " ind2=" " tag="040"><subfield code="a">NPU</subfield><subfield code="b">eng</subfield><subfield code="c">NPU</subfield><subfield code="d">NPY</subfield><subfield code="d">DLC</subfield><subfield code="d">NPH</subfield><subfield code="d">DLC</subfield><subfield code="d">OCLCF</subfield></datafield><datafield ind1="1" ind2=" " tag="029"><subfield code="a">AU@</subfield><subfield code="b">000025834029</subfield></datafield><datafield ind1=" " ind2=" " tag="042"><subfield code="a">msc</subfield></datafield><datafield ind1=" " ind2=" " tag="043"><subfield code="a">n-us-pa</subfield></datafield><datafield ind1="0" ind2="0" tag="050"><subfield code="a">Newspaper</subfield></datafield><datafield ind1="0" ind2="0" tag="245"><subfield code="a">Doylestown Democrat and Bucks County Republican.</subfield></datafield><datafield ind1=" " ind2=" " tag="260"><subfield code="a">Doylestown, Pa. :</subfield><subfield code="b">S.J. Paxson,</subfield><subfield code="c">1848-1860.</subfield></datafield><datafield ind1=" " ind2=" " tag="300"><subfield code="a">v. :</subfield><subfield code="b">ill. ;</subfield><subfield code="c">69-76 cm.</subfield></datafield><datafield ind1=" " ind2=" " tag="310"><subfield code="a">Weekly</subfield></datafield><datafield ind1="0" ind2=" " tag="362"><subfield code="a">New ser. v. 4, no. 164 (June 28, 1848)-v. 16, no. 43 (Dec. 25, 1860) = Whole no. 1724-817.</subfield></datafield><datafield ind1=" " ind2=" " tag="500"><subfield code="a">Publishers: Samuel Johnson Paxson, 1848-1858; W.W.H. Davis, 1858-1860.</subfield></datafield><datafield ind1=" " ind2=" " tag="515"><subfield code="a">Issues for &lt;Oct. 10, 1848&gt; called also &lt;whole no. 1779&gt;.</subfield></datafield><datafield ind1=" " ind2=" " tag="580"><subfield code="a">German language ed.: Doylestaun Expretz, und Bucks Caunty Republikaner.</subfield></datafield><datafield ind1=" " ind2="0" tag="651"><subfield code="a">Doylestown (Pa.)</subfield><subfield code="v">Newspapers.</subfield></datafield><datafield ind1=" " ind2="7" tag="655"><subfield code="a">Newspapers.</subfield><subfield code="2">fast</subfield><subfield code="0">(OCoLC)fst01423814</subfield></datafield><datafield ind1=" " ind2="7" tag="651"><subfield code="a">Pennsylvania</subfield><subfield code="z">Doylestown.</subfield><subfield code="2">fast</subfield><subfield code="0">(OCoLC)fst01213797</subfield></datafield><datafield ind1=" " ind2=" " tag="752"><subfield code="a">United States</subfield><subfield code="b">Pennsylvania</subfield><subfield code="c">Bucks</subfield><subfield code="d">Doylestown.</subfield></datafield><datafield ind1="1" ind2=" " tag="775"><subfield code="t">Doylestaun Expretz, und Bucks Caunty Republikaner</subfield><subfield code="w">(DLC)sn 89077520</subfield><subfield code="w">(OCoLC)19744879</subfield></datafield><datafield ind1="0" ind2="0" tag="780"><subfield code="t">Doylestown Democrat and Bucks County gazette</subfield><subfield code="w">(DLC)sn 86071388</subfield><subfield code="w">(OCoLC)13285102</subfield></datafield><datafield ind1="0" ind2="0" tag="785"><subfield code="t">Doylestown Democrat (Doylestown, Pa. : 1861)</subfield><subfield code="w">(DLC)sn 83032021</subfield><subfield code="w">(OCoLC)10129476</subfield></datafield></record>